@article{1,
  title={Do smartphone applications and activity trackers increase physical activity in adults? Systematic review, meta-analysis and metaregression},
  author={Laranjo, Liliana and Ding, Ding and Heleno, Bruno and Kocaballi, Baki and Quiroz, Juan C and Tong, Huong Ly and Chahwan, Bahia and Neves, Ana Luisa and Gabarron, Elia and Dao, Kim Phuong and others},
  journal={British journal of sports medicine},
  volume={55},
  number={8},
  pages={422--432},
  year={2021},
  publisher={BMJ Publishing Group Ltd and British Association of Sport and Exercise Medicine}
}

@article{2,
  title={Sedentary lifestyle: Overview of updated evidence of potential health risks},
  author={Park, Jung Ha and Moon, Ji Hyun and Kim, Hyeon Ju and Kong, Mi Hee and Oh, Yun Hwan},
  journal={Korean journal of family medicine},
  volume={41},
  number={6},
  pages={365},
  year={2020},
  publisher={Korean Academy of Family Medicine}
}

@article{3,
  title={Physical inactivity a leading cause of disease and disability},
  author={Prakash Reshma},
  journal={WHO World Health Organization},
  volume={4},
  year={2002}
}

@article{4,
  title={Older people's perspectives on participation in physical activity: a systematic review and thematic synthesis of qualitative literature},
  author={Franco, Marcia R and Tong, Allison and Howard, Kirsten and Sherrington, Catherine and Ferreira, Paulo H and Pinto, Rafael Z and Ferreira, Manuela L},
  journal={British journal of sports medicine},
  volume={49},
  number={19},
  pages={1268--1276},
  year={2015},
  publisher={BMJ Publishing Group Ltd and British Association of Sport and Exercise Medicine}
}

@article{5,
  title={Mental health during the first year of the COVID-19 pandemic: A review and recommendations for moving forward},
  author={Aknin, Lara B and De Neve, Jan-Emmanuel and Dunn, Elizabeth W and Fancourt, Daisy E and Goldberg, Elkhonon and Helliwell, John F and Jones, Sarah P and Karam, Elie and Layard, Richard and Lyubomirsky, Sonja and others},
  journal={Perspectives on Psychological Science},
  pages={17456916211029964},
  year={2021},
  publisher={SAGE Publications Sage CA: Los Angeles, CA}
}

@article{6,
  title={Association of Birth During the COVID-19 Pandemic With Neurodevelopmental Status at 6 Months in Infants With and Without In Utero Exposure to Maternal SARS-CoV-2 Infection},
  author={Shuffrey, Lauren C and Firestein, Morgan R and Kyle, Margaret H and Fields, Andrea and Alc{\'a}ntara, Carmela and Amso, Dima and Austin, Judy and Bain, Jennifer M and Barbosa, Jennifer and Bence, Mary and others},
  journal={JAMA pediatrics},
  pages={e215563--e215563},
  year={2022}
}

@article{7,
  title={The impact of COVID-19 on adolescent mental health: preliminary findings from a longitudinal sample of healthy and at-risk adolescents},
  author={Cohen, Zsofia P and Cosgrove, Kelly T and DeVille, Danielle C and Akeman, Elisabeth and Singh, Manpreet K and White, Evan and Stewart, Jennifer L and Aupperle, Robin L and Paulus, Martin P and Kirlic, Namik},
  journal={Frontiers in pediatrics},
  pages={440},
  year={2021},
  publisher={Frontiers}
}

@article{8,
  title={Mental health and well-being during the COVID-19 pandemic: longitudinal analyses of adults in the UK COVID-19 Mental Health Wellbeing study},
  author={O'Connor, Rory C and Wetherall, Karen and Cleare, Seonaid and McClelland, Heather and Melson, Ambrose J and Niedzwiedz, Claire L and O'Carroll, Ronan E and O'Connor, Daryl B and Platt, Steve and Scowcroft, Elizabeth and others},
  journal={The British Journal of Psychiatry},
  volume={218},
  number={6},
  pages={326--333},
  year={2021},
  publisher={Cambridge University Press}
}


@article{9,
  title={Lockdown effects on healthy cognitive aging during the COVID-19 Pandemic: A Longitudinal Study},
  author={Amanzio, Martina and Canessa, Nicola and Bartoli, Massimo and Cipriani, Giuseppina Elena and Palermo, Sara and Cappa, Stefano F},
  journal={Frontiers in psychology},
  volume={12},
  year={2021},
  publisher={Frontiers Media SA}
}

@article{10,
  title={Coronavirus and depression in adults, Great Britain: January to March 2021},
  author={Office for National Statistics},
  journal={Off Natl Stat},
  pages={1--18},
  year={2021}
}


@article{11,
  title={Long-term health conditions and mental wellbeing},
  author={NHS Better Health},
  journal={NHS Scotland},
  pages={1--18},
  year={2020}
}


@article{12,
  title={Homeworking and spending during the coronavirus (COVID-19) pandemic, Great Britain: April 2020 to January 2022},
  author={James Probert},
  journal={},
  pages={},
  year={2020}
}

@misc{13,
  title={Remote education good practice_2020, withdrawn}, 
  journal={GOV.UK},
  year={2020}
}

@article{14,
  title={Impacts of working from home during COVID-19 pandemic on physical and mental well-being of office workstation users},
  author={Xiao, Yijing and Becerik-Gerber, Burcin and Lucas, Gale and Roll, Shawn C},
  journal={Journal of Occupational and Environmental Medicine},
  volume={63},
  number={3},
  pages={181},
  year={2021},
  publisher={Wolters Kluwer Health}
}

@article{16,
  title={The relationship between physical activity and mental health in a sample of the UK public: A cross-sectional study during the implementation of COVID-19 social distancing measures},
  author={Jacob, Louis and Tully, Mark A and Barnett, Yvonne and Lopez-Sanchez, Guillermo F and Butler, Laurie and Schuch, Felipe and Lopez-Bueno, Ruben and McDermott, Daragh and Firth, Joseph and Grabovac, Igor and others},
  journal={Mental health and physical activity},
  volume={19},
  pages={100345},
  year={2020},
  publisher={Elsevier}
}


@article{18,
  title={The influence of physical activity on mental well-being},
  author={Fox, Kenneth R},
  journal={Public health nutrition},
  volume={2},
  number={3a},
  pages={411--418},
  year={1999},
  publisher={Cambridge University Press}
}


@article{19,
  title={Efficacy of interventions that use apps to improve diet, physical activity and sedentary behaviour: a systematic review},
  author={Schoeppe, Stephanie and Alley, Stephanie and Van Lippevelde, Wendy and Bray, Nicola A and Williams, Susan L and Duncan, Mitch J and Vandelanotte, Corneel},
  journal={International Journal of Behavioral Nutrition and Physical Activity},
  volume={13},
  number={1},
  pages={1--26},
  year={2016},
  publisher={BioMed Central}
}

@article{20,
  title={Active 10: Brisk walking to support regular physical activity},
  author={Ciravegna, Fabio and Gao, Jie and Ireson, Neil and Copeland, Robert and Walsh, Joe and Lanfranchi, Vitaveska},
  note={Proceedings of the 13th EAI International Conference on pervasive computing technologies for healthcare},
  pages={11--20},
  year={2019}
}

@article{21,
  title={Promoting physical activity to patients},
  author={Haseler, Christine and Crooke, Ranulf and Haseler, Tobias},
  journal={Bmj},
  volume={366},
  year={2019},
  publisher={British Medical Journal Publishing Group}
}

@article{22,
  title={Reporting behaviour change interventions: do the behaviour change technique taxonomy v1, and training in its use, improve the quality of intervention descriptions?},
  author={Wood, Caroline E and Hardeman, Wendy and Johnston, Marie and Francis, Jill and Abraham, Charles and Michie, Susan},
  journal={Implementation Science},
  volume={11},
  number={1},
  pages={1--11},
  year={2015},
  publisher={Springer}
}

@misc{21,
 title={Zombies, run! 5k training 2022},
 journal={App Store},
 year={2012},
 note={https://apps.apple.com/us/app/zombies-run-5k-training/id566596422}
}


@misc{22,
  title={How much of physical activity is recommended},
  author={World Health Organization and others},
  year={2020}
}



@article{23,
  title={Effects of a smart-phone application on psychological, physiological, and performance variables in college-aged individuals while running},
  author={Moran, Martin J and Coons, John M},
  journal={International Journal of Exercise Science},
  volume={8},
  number={2},
  pages={1},
  year={2015}
}

@article{24,
  title={BunnyBolt: a mobile fitness app for youth},
  author={Keung, Christine and Lee, Alexa and Lu, Shirley and O'Keefe, Megan},
  note={Proceedings of the 12th International Conference on Interaction Design and Children},
  pages={585--588},
  year={2013}
}


@article{25,
  title={Pass the ball: enforced turn-taking in activity tracking},
  author={Rooksby, John and Rost, Mattias and Morrison, Alistair and Chalmers, Matthew},
  note={Proceedings of the 33rd Annual ACM Conference on Human Factors in Computing Systems},
  pages={2417--2426},
  year={2015}
}


@article{26,
  title={Fish’n’Steps: Encouraging physical activity with an interactive computer game},
  author={Lin, James J and Mamykina, Lena and Lindtner, Silvia and Delajoux, Gregory and Strub, Henry B},
  note={International conference on ubiquitous computing},
  pages={261--278},
  year={2006},
  organization={Springer}
}



  @misc{ 27,
    author = "{Wikipedia contributors}",
    title = "MoSCoW method --- {Wikipedia}{,} The Free Encyclopedia",
    year = "2022",
    howpublished = "\url{https://en.wikipedia.org/w/index.php?title=MoSCoW_method&oldid=1082830552}",
  }
  
    @misc{28,
    author = "{Wikipedia contributors}",
    title = "Iterative and incremental development --- {Wikipedia}{,} The Free Encyclopedia",
    year = "2021",
    url = "https://en.wikipedia.org/w/index.php?title=Iterative_and_incremental_development&oldid=1047637882",
    note = "[Online; accessed 20-April-2022]"
  }

  @misc{29,
    author = "{Wikipedia contributors}",
    title = "Heuristic evaluation --- {Wikipedia}{,} The Free Encyclopedia",
    year = "2022",
    url = "https://en.wikipedia.org/w/index.php?title=Heuristic_evaluation&oldid=1081517401",
    note = "[Online; accessed 20-April-2022]"
  }
  
  @inproceedings{30,
author = {Chamberlain, Alan and Crabtree, Andy and Rodden, Tom and Jones, Matt and Rogers, Yvonne},
title = {Research in the Wild: Understanding 'in the Wild' Approaches to Design and Development},
year = {2012},
publisher = {Association for Computing Machinery},
doi = {10.1145/2317956.2318078},
pages = {795–796},
numpages = {2},
series = {DIS '12}
}

@article{31,
  title={Sus: a “quick and dirty’usability},
  author={Brooke, John},
  journal={Usability evaluation in industry},
  volume={189},
  number={3},
  year={1996}
}

@book{32,
  title={Total design: integrated methods for successful product engineering},
  author={Pugh, Stuart},
  year={1991},
  publisher={Addison-Wesley}
}

@article{17,
  title={The influence of physical activity on mental well-being},
  author={Fox, Kenneth R},
  journal={Public health nutrition},
  volume={2},
  number={3a},
  pages={411--418},
  year={1999},
  publisher={Cambridge University Press}
}
